<record><leader>00000cas a22000007a 4500</leader><controlfield tag="001">10287455</controlfield><controlfield tag="008">840111d18481848meuwr ne      0    0eng d</controlfield><datafield ind1=" " ind2=" " tag="010"><subfield code="a">sn 84022119 </subfield></datafield><datafield ind1=" " ind2=" " tag="040"><subfield code="a">NPX</subfield><subfield code="b">eng</subfield><subfield code="c">NPX</subfield><subfield code="d">NPU</subfield><subfield code="d">DLC</subfield><subfield code="d">NVH</subfield><subfield code="d">MBN</subfield><subfield code="d">OCL</subfield><subfield code="d">OCLCG</subfield><subfield code="d">OCLCF</subfield><subfield code="d">OCLCO</subfield></datafield><datafield ind1=" " ind2=" " tag="042"><subfield code="a">msc</subfield></datafield><datafield ind1=" " ind2=" " tag="043"><subfield code="a">n-us-me</subfield></datafield><datafield ind1="0" ind2=" " tag="130"><subfield code="a">Northern pioneer (Portland, Me.)</subfield></datafield><datafield ind1="0" ind2="4" tag="245"><subfield code="a">The northern pioneer.</subfield></datafield><datafield ind1=" " ind2=" " tag="260"><subfield code="a">Portland [Me.] :</subfield><subfield code="b">Plummer &amp; Elwell,</subfield><subfield code="c">1848.</subfield></datafield><datafield ind1=" " ind2=" " tag="300"><subfield code="a">v.</subfield></datafield><datafield ind1=" " ind2=" " tag="310"><subfield code="a">Weekly</subfield></datafield><datafield ind1="0" ind2=" " tag="362"><subfield code="a">Vol. 1, no. 1 (July 1, 1848)-v. 1, no. 17 (Oct. 21, 1848).</subfield></datafield><datafield ind1=" " ind2=" " tag="500"><subfield code="a">Editors: Edwin Plummer, Edward H. Elwell.</subfield></datafield><datafield ind1=" " ind2=" " tag="580"><subfield code="a">Merged with: Portland transcript (Portland, Me. : 1837), to form: Portland transcript and the northern pioneer.</subfield></datafield><datafield ind1=" " ind2="0" tag="651"><subfield code="a">Portland (Me.)</subfield><subfield code="v">Newspapers.</subfield></datafield><datafield ind1=" " ind2="7" tag="655"><subfield code="a">Newspapers.</subfield><subfield code="2">fast</subfield><subfield code="0">(OCoLC)fst01423814</subfield></datafield><datafield ind1=" " ind2="7" tag="651"><subfield code="a">Maine</subfield><subfield code="z">Portland.</subfield><subfield code="2">fast</subfield><subfield code="0">(OCoLC)fst01213254</subfield></datafield><datafield ind1="1" ind2=" " tag="700"><subfield code="a">Elwell, Edward H.</subfield><subfield code="q">(Edward Henry),</subfield><subfield code="d">1825-1890.</subfield></datafield><datafield ind1="1" ind2=" " tag="700"><subfield code="a">Plummer, Edwin.</subfield></datafield><datafield ind1=" " ind2=" " tag="752"><subfield code="a">United States</subfield><subfield code="b">Maine</subfield><subfield code="c">Cumberland</subfield><subfield code="d">Portland.</subfield></datafield><datafield ind1="1" ind2="7" tag="785"><subfield code="t">Portland transcript (Portland, Me. : 1837)</subfield><subfield code="w">(DLC)sn 84025745</subfield></datafield><datafield ind1="1" ind2="7" tag="785"><subfield code="t">Portland transcript and the northern pioneer</subfield><subfield code="w">(DLC)sn 84027260</subfield></datafield></record>